%% This BibTeX bibliography file was created using BibDesk.
%% https://bibdesk.sourceforge.io/

%% Created for Kameron Carr at 2019-06-15 15:50:02 -0500 


%% Saved with string encoding Unicode (UTF-8) 



@manual{energia,
	Address = {https://energia.nu/guide/foundations/basics/tutorial\_sketch/},
	Date-Added = {2019-06-15 15:41:15 -0500},
	Date-Modified = {2019-06-15 15:50:00 -0500},
	Organization = {Energia},
	Title = {First Sketch}}

@misc{stu,
	Author = {Rahul Iyer},
	Date-Added = {2019-06-15 14:43:56 -0500},
	Date-Modified = {2019-06-15 15:03:58 -0500},
	Title = {Introduction to Arduino and Energia Programming},
	Year = {2019}}
